@inproceedings{Steensgaard96,
  author    = {Bjarne Steensgaard},
  editor    = {Hans{-}Juergen Boehm and
               Guy L. Steele Jr.},
  title     = {Points-to Analysis in Almost Linear Time},
  booktitle = {Conference Record of POPL'96: The 23rd {ACM} {SIGPLAN-SIGACT} Symposium
               on Principles of Programming Languages, Papers Presented at the Symposium,
               St. Petersburg Beach, Florida, USA, January 21-24, 1996},
  pages     = {32--41},
  publisher = {{ACM} Press},
  year      = {1996},
  url       = {https://doi.org/10.1145/237721.237727},
  doi       = {10.1145/237721.237727},
  timestamp = {Sun, 02 Jun 2019 21:12:56 +0200},
  biburl    = {https://dblp.org/rec/conf/popl/Steensgaard96.bib},
  bibsource = {dblp computer science bibliography, https://dblp.org}
}

@inproceedings{GrechBSS19,
  author    = {Neville Grech and
               Lexi Brent and
               Bernhard Scholz and
               Yannis Smaragdakis},
  editor    = {Joanne M. Atlee and
               Tevfik Bultan and
               Jon Whittle},
  title     = {Gigahorse: thorough, declarative decompilation of smart contracts},
  booktitle = {Proceedings of the 41st International Conference on Software Engineering,
               {ICSE} 2019, Montreal, QC, Canada, May 25-31, 2019},
  pages     = {1176--1186},
  publisher = {{IEEE} / {ACM}},
  year      = {2019},
  url       = {https://doi.org/10.1109/ICSE.2019.00120},
  doi       = {10.1109/ICSE.2019.00120},
  timestamp = {Wed, 16 Oct 2019 14:14:49 +0200},
  biburl    = {https://dblp.org/rec/conf/icse/GrechBSS19.bib},
  bibsource = {dblp computer science bibliography, https://dblp.org}
}

@inproceedings{LernerGC02,
  author    = {Sorin Lerner and
               David Grove and
               Craig Chambers},
  editor    = {John Launchbury and
               John C. Mitchell},
  title     = {Composing dataflow analyses and transformations},
  booktitle = {Conference Record of {POPL} 2002: The 29th {SIGPLAN-SIGACT} Symposium
               on Principles of Programming Languages, Portland, OR, USA, January
               16-18, 2002},
  pages     = {270--282},
  publisher = {{ACM}},
  year      = {2002},
  url       = {https://doi.org/10.1145/503272.503298},
  doi       = {10.1145/503272.503298},
  timestamp = {Wed, 07 Jul 2021 17:30:33 +0200},
  biburl    = {https://dblp.org/rec/conf/popl/LernerGC02.bib},
  bibsource = {dblp computer science bibliography, https://dblp.org}
}

@article{WillseyNWFTP21,
  author    = {Max Willsey and
               Chandrakana Nandi and
               Yisu Remy Wang and
               Oliver Flatt and
               Zachary Tatlock and
               Pavel Panchekha},
  title     = {egg: Fast and extensible equality saturation},
  journal   = {Proc. {ACM} Program. Lang.},
  volume    = {5},
  number    = {{POPL}},
  pages     = {1--29},
  year      = {2021},
  url       = {https://doi.org/10.1145/3434304},
  doi       = {10.1145/3434304},
  timestamp = {Thu, 14 Oct 2021 08:48:51 +0200},
  biburl    = {https://dblp.org/rec/journals/pacmpl/WillseyNWFTP21.bib},
  bibsource = {dblp computer science bibliography, https://dblp.org}
}

@inproceedings{NappaZSS19,
  author    = {Patrick Nappa and
               David Zhao and
               Pavle Subotic and
               Bernhard Scholz},
  title     = {Fast Parallel Equivalence Relations in a Datalog Compiler},
  booktitle = {28th International Conference on Parallel Architectures and Compilation
               Techniques, {PACT} 2019, Seattle, WA, USA, September 23-26, 2019},
  pages     = {82--96},
  publisher = {{IEEE}},
  year      = {2019},
  url       = {https://doi.org/10.1109/PACT.2019.00015},
  doi       = {10.1109/PACT.2019.00015},
  timestamp = {Mon, 03 Jan 2022 22:22:53 +0100},
  biburl    = {https://dblp.org/rec/conf/IEEEpact/NappaZSS19.bib},
  bibsource = {dblp computer science bibliography, https://dblp.org}
}

@inproceedings{BravenboerS09,
  author    = {Martin Bravenboer and
               Yannis Smaragdakis},
  editor    = {Shail Arora and
               Gary T. Leavens},
  title     = {Strictly declarative specification of sophisticated points-to analyses},
  booktitle = {Proceedings of the 24th Annual {ACM} {SIGPLAN} Conference on Object-Oriented
               Programming, Systems, Languages, and Applications, {OOPSLA} 2009,
               October 25-29, 2009, Orlando, Florida, {USA}},
  pages     = {243--262},
  publisher = {{ACM}},
  year      = {2009},
  url       = {https://doi.org/10.1145/1640089.1640108},
  doi       = {10.1145/1640089.1640108},
  timestamp = {Fri, 25 Jun 2021 14:48:54 +0200},
  biburl    = {https://dblp.org/rec/conf/oopsla/BravenboerS09.bib},
  bibsource = {dblp computer science bibliography, https://dblp.org}
}

@inproceedings{MadsenYL16,
  author    = {Magnus Madsen and
               Ming{-}Ho Yee and
               Ondrej Lhot{\'{a}}k},
  editor    = {Chandra Krintz and
               Emery D. Berger},
  title     = {From Datalog to flix: a declarative language for fixed points on lattices},
  booktitle = {Proceedings of the 37th {ACM} {SIGPLAN} Conference on Programming
               Language Design and Implementation, {PLDI} 2016, Santa Barbara, CA,
               USA, June 13-17, 2016},
  pages     = {194--208},
  publisher = {{ACM}},
  year      = {2016},
  url       = {https://doi.org/10.1145/2908080.2908096},
  doi       = {10.1145/2908080.2908096},
  timestamp = {Tue, 21 Sep 2021 18:28:10 +0200},
  biburl    = {https://dblp.org/rec/conf/pldi/MadsenYL16.bib},
  bibsource = {dblp computer science bibliography, https://dblp.org}
}

@article{ZhangWWT22,
  author    = {Yihong Zhang and
               Yisu Remy Wang and
               Max Willsey and
               Zachary Tatlock},
  title     = {Relational e-matching},
  journal   = {Proc. {ACM} Program. Lang.},
  volume    = {6},
  number    = {{POPL}},
  pages     = {1--22},
  year      = {2022},
  url       = {https://doi.org/10.1145/3498696},
  doi       = {10.1145/3498696},
  timestamp = {Mon, 14 Feb 2022 17:12:43 +0100},
  biburl    = {https://dblp.org/rec/journals/pacmpl/ZhangWWT22.bib},
  bibsource = {dblp computer science bibliography, https://dblp.org}
}

@inproceedings{BalakrishnanNKZ21,
  author    = {Darshana Balakrishnan and
               Carl Nuessle and
               Oliver Kennedy and
               Lukasz Ziarek},
  editor    = {Guoliang Li and
               Zhanhuai Li and
               Stratos Idreos and
               Divesh Srivastava},
  title     = {TreeToaster: Towards an IVM-Optimized Compiler},
  booktitle = {{SIGMOD} '21: International Conference on Management of Data, Virtual
               Event, China, June 20-25, 2021},
  pages     = {155--167},
  publisher = {{ACM}},
  year      = {2021},
  url       = {https://doi.org/10.1145/3448016.3459244},
  doi       = {10.1145/3448016.3459244},
  timestamp = {Mon, 21 Jun 2021 11:48:44 +0200},
  biburl    = {https://dblp.org/rec/conf/sigmod/BalakrishnanNKZ21.bib},
  bibsource = {dblp computer science bibliography, https://dblp.org}
}
